<?xml version="1.0" encoding="UTF-8"?><collection xmlns="http://www.loc.gov/MARC21/slim"><record><leader>00469nam--2200181-u-4500</leader><controlfield tag="001">000053915</controlfield><controlfield tag="002">20161230</controlfield><controlfield tag="005">20161230201051</controlfield><controlfield tag="008">110706s1000------------r-----000-0-rus-d</controlfield><datafield ind1=" " ind2=" " tag="040"><subfield code="a">IFIN-HH</subfield></datafield><datafield ind1=" " ind2=" " tag="041"><subfield code="a">rus</subfield></datafield><datafield ind1=" " ind2=" " tag="080"><subfield code="a">537.226:538.956</subfield></datafield><datafield ind1="1" ind2=" " tag="100"><subfield code="a">Atarkin, V.A</subfield></datafield><datafield ind1="1" ind2="0" tag="245"><subfield code="a">Dinamiceskaia poliarizatsia iader v tverdikh dielektrikakh</subfield><subfield code="c">V.a. atarkin</subfield></datafield><datafield ind1=" " ind2=" " tag="260"><subfield code="a">Moskva</subfield><subfield code="b">Nauka</subfield><subfield code="c">1980</subfield></datafield><datafield ind1=" " ind2=" " tag="300"><subfield code="a">195P</subfield></datafield><datafield ind1=" " ind2=" " tag="852"><subfield code="a">48543</subfield><subfield code="c">537.226</subfield></datafield><datafield ind1=" " ind2=" " tag="CAT"><subfield code="a">Sys</subfield><subfield code="c">20110706</subfield><subfield code="h">163646</subfield></datafield></record></collection>